@ARTICLE{Bouwkamp1963,
  author =       {J. G. Bouwkamp and J.K. Bolhom},
  title =        {Dynamic Response of a Two-Story Steel Frame Structure},
  journal =      {Bulletin of the Seismological Society of America},
  year =         {1963},
  volume =       {56},
  number =       {6},
  pages =        {1289--1303},
  month =        {Dec.}
}

@BOOK{Newmark1971,
  author =       {N. M. Newmark and E. Resenblueth},
  title =        {Fundamentals of  Earthquake Engineering},
  publisher =    {Prenticeâ€“Hall Inc., Englewood cliffs, N.J.},
  year =         {1971},
  volume =       {xx},
  edition =      {2nd}
}


@INPROCEEDINGS{Caravani1973,
  author =       {P. Caravani and W. T. Thomson},
  title =        {Identification of Damping Coefficients from System Response},
  booktitle =    {Proceedings of the Fifth World Conference on Earthquake Engineering},
  year =         {1973},
  address =      {Rome, Italy}
}

@TECHREPORT{Ruiz1969,
  author =       {P. Ruiz and J. Penzien},
  title =        {Probabilistic Study on the Behavior of Structures During Earthquake},
  institution =  {Earthquake Engineering Research Center},
  year =         {1969},
  type =         {Report},
  number =       {EERC 69-3},
  address =      {University of California, Berkeley, Calif.},
  month =        {Mar.}
}

@MISC{INFORMS,
  key   =        {INFORMS},
  title =        {INFORMS web site},
  howpublished = {\url{http://www.informs.org}},
  year =         {2012},
  month =        {January}
}


@MASTERSTHESIS{Ibrahim2012,
  author =       {M. Ibrahim},
  title =        {A parametric study on $\ldots$},
  school =       {Faculty of Engineering, Cairo University},
  year =         {2012},
  type =         {MSc. Thesis},
  address =      {Giza, Egypt}
}
